@phdthesis{damm_thesis,
title={Total anti-symmetrische Quasigruppen},
author={Damm, H. Michael},
school={Philipps-Universit\"{a}t Marburg},
year={2004}
}

@article{damm2000,
  title={Check digit systems over groups and anti-symmetric mappings},
  author={Damm, Michael},
  journal={Archiv der Mathematik},
  volume={75},
  number={6},
  pages={413--421},
  year={2000},
  publisher={Springer},
  url={https://link.springer.com/article/10.1007/s000130050524},
  doi={https://doi.org/10.1007/s000130050524}
}

@article{damm2007,
title = {Totally anti-symmetric quasigroups for all orders $n \neq 2,6$},
journal = {Discrete Mathematics},
volume = {307},
number = {6},
pages = {715-729},
year = {2007},
issn = {0012-365X},
doi = {https://doi.org/10.1016/j.disc.2006.05.033},
url = {https://www.sciencedirect.com/science/article/pii/S0012365X06004225},
author = {H. {Michael Damm}},
}

@techreport{hp,
  author      = {Seroussi, Gadiel},
  group       = {Computer Systems Laboratory},
  title       = {Table of Low-Weight Binary Irreducible Polynomials},
  year        = {1998},
  month       = {August},
  institution = {Hewlett Packard},
  url         = {https://www.hpl.hp.com/techreports/98/HPL-98-135.pdf}
}

@article{hocquenghem,
  title={Codes correcteurs d'erreurs},
  author={Hocquenghem, Alexis},
  journal={Chiffres},
  volume={2},
  pages={147--156},
  year={1959}
}

@article{bose,
title = {On a class of error correcting binary group codes},
journal = {Information and Control},
volume = {3},
number = {1},
pages = {68-79},
year = {1960},
issn = {0019-9958},
doi = {https://doi.org/10.1016/S0019-9958(60)90287-4},
url = {https://www.sciencedirect.com/science/article/pii/S0019995860902874},
author = {R.C. Bose and D.K. Ray-Chaudhuri},
}
